
@book{diff-drive-car-kinematics,
  title={Computational principles of mobile robotics},
  author={Dudek, Gregory and Jenkin, Michael},
  year={2010},
  publisher={Cambridge university press}
  url = "{https://chess.eecs.berkeley.edu/eecs149/documentation/differentialDrive.pdf}",
}
