@book{Dudek10,
  title= "Computational principles of mobile robotics",
  author="Gregory Dudek and Michael Jenkin",
  year="2010",
  publisher="Cambridge university press"
}

@article{dhaouadi2013dynamic,
  title={Dynamic modelling of differential-drive mobile robots using lagrange and newton-euler methodologies: A unified framework},
  author={Rached Dhaouadi and A. Abu Hatab},
  journal={Advances in Robotics \& Automation},
  volume={2},
  number={2},
  pages={1--7},
  year={2013}
}
