@book{Papoulis,
	Author = {Athanasios Papoulis and S. Unnikrishna Pillai},
	Edition = {Fourth},
	Publisher = {McGraw Hill},
	Title = {Probability, Random Variables and Stochastic Processes},
	Year = {2002}}
