@misc{Savov2017,
    author = "{Ivan Savov}",
    title = {Linear algebra explained in four pages},
    howpublished = {\url{https://minireference.com/static/tutorials/linear_algebra_in_4_pages.pdf}},
    note = {Online; accessed 23 August 2017} ,
    year=2017,
}